<record><leader>00000cas a22000007a 4500</leader><controlfield tag="001">10792346</controlfield><controlfield tag="008">840531d18711873scudn ne      0    0eng d</controlfield><datafield ind1=" " ind2=" " tag="010"><subfield code="a">sn 84026968 </subfield></datafield><datafield ind1=" " ind2=" " tag="040"><subfield code="a">NPU</subfield><subfield code="b">eng</subfield><subfield code="c">NPU</subfield><subfield code="d">NPX</subfield><subfield code="d">DLC</subfield><subfield code="d">OCLCQ</subfield></datafield><datafield ind1=" " ind2=" " tag="042"><subfield code="a">msc</subfield></datafield><datafield ind1="0" ind2="0" tag="245"><subfield code="a">Aiken daily journal.</subfield></datafield><datafield ind1="3" ind2="0" tag="246"><subfield code="a">Aiken evening journal</subfield></datafield><datafield ind1=" " ind2=" " tag="260"><subfield code="a">Aiken, S.C. :</subfield><subfield code="b">John S. Shuck</subfield></datafield><datafield ind1=" " ind2=" " tag="300"><subfield code="a">v.</subfield></datafield><datafield ind1=" " ind2=" " tag="310"><subfield code="a">Daily (except Sun.)</subfield></datafield><datafield ind1="1" ind2=" " tag="362"><subfield code="a">Began in 1871; ceased in 1873.</subfield></datafield><datafield ind1=" " ind2=" " tag="500"><subfield code="a">Sometimes published as: Aiken evening journal.</subfield></datafield><datafield ind1=" " ind2=" " tag="588"><subfield code="a">Description based on: Vol. 1, no. 24 (Apr. 2, 1872).</subfield></datafield><datafield ind1=" " ind2=" " tag="752"><subfield code="a">United States</subfield><subfield code="b">South Carolina</subfield><subfield code="c">Aiken</subfield><subfield code="d">Aiken.</subfield></datafield><datafield ind1="0" ind2=" " tag="775"><subfield code="t">Aiken journal</subfield><subfield code="w">(DLC)sn 84026966</subfield></datafield></record>